@manual{ jvms7,
 Author = {Tim Lindholm and Frank Yellin and Gilad Bracha and Alex Buckley},
 Title = {The Java Virtual Machine Specification, Java SE 7 Edition},
 Organization = {Oracle},
 Url = {http://docs.oracle.com/javase/specs/jvms/se7/jvms7.pdf},
 Year = {2012}
}

@manual{ vmil09,
 Author = {John R. Rose},
 Title = {Bytecodes meet Combinators: invokedynamic on the JVM},
 Year = {2009},
 Organization = { Workshop on Virtual Machines and Intermediary Languages, OOPSLA 2009 }
}

@misc{java-history,
	Author = {Jon Byous},
	Title = {Java Technology: The Early Years},
	Url = {http://web.archive.org/web/20050420081440/http://java.sun.com/features/1998/05/birthday.html},
	Year = {1998}
}

@misc{kawa,
	Author = {Per Bothner},
	Title = {oldest jvm "scripting" language?},
	Url = {https://groups.google.com/d/topic/jvm-languages/RFiP94rs3Sw/discussion},
	Year = {2012}
}

@misc{java1.3-press-release,
	Author = {Susan Struble},
	Title = {Sun Microsystems Releases Fastest Client-Side Java Platform To Date},
	Url = {http://web.archive.org/web/20061231071705/http://www.sun.com/smi/Press/sunflash/2000-05/sunflash.20000508.3.xml},
	Year = {2000}
}

@misc{nutter-jax2012,
	Author = {Charles Oliver Nutter},
	Title = {invokedynamic},
	Url = {http://www.slideshare.net/CharlesNutter/jax-2012-invoke-dynamic-keynote},
	Year = {2012}
}

@misc{mlvm-web,
	Author = {Oracle},
	Title = {the Da Vinci Machine Project},
	Url = {http://openjdk.java.net/projects/mlvm/},
	Year = {2012}
}

@misc{jsr-292,
	Author = {Oracle},
	Title = {JSR-292},
	Url = {http://jcp.org/en/jsr/detail?id=292},
	Year = {2012}
}

@InCollection{Pierce02,
  author     = 	 {Benjamin Pierce},
  title      = 	 {Structural Typing},
  booktitle  = 	 {Types and Programming Languages},
  pages      =	 {223--233},
  publisher  =	 {MIT Press},
  year       =	 2002
}

@inproceedings{structural-types-scala,
 author = {Dubochet, Gilles and Odersky, Martin},
 title = {Compiling structural types on the JVM: a comparison of reflective and generative techniques from Scala's perspective},
 booktitle = {Proceedings of the 4th workshop on the Implementation, Compilation, Optimization of Object-Oriented Languages and Programming Systems},
 series = {ICOOOLPS '09},
 year = {2009},
 isbn = {978-1-60558-541-3},
 location = {Genova, Italy},
 pages = {34--41},
 numpages = {8},
 url = {http://doi.acm.org/10.1145/1565824.1565829},
 doi = {10.1145/1565824.1565829},
 acmid = {1565829},
 publisher = {ACM},
 address = {New York, NY, USA},
} 

@inproceedings{smalltalk-pic,
 author = {L. Peter Deutsch, Allan M. Schiffman},
 title = {Efficient implementation of the Smalltalk-80 system},
 booktitle = {Proceedings of the 11th ACM SIGACT-SIGPLAN symposium on Principles of programming languages},
 series = {POPL '84},
 year = {1984}
} 

@inproceedings{self-pic,
 author = {Hölzle, U., Chambers, C., Ungar, D.},
 title = {Optimizing dynamically-typed object-oriented languages with polymorphic inline caches},
 booktitle = {In Proceedings of the ECOOP ’91 Conference},
 series = {Lecture Notes in Computer Science, vol. 512},
 publisher = {Springer-Verlag, Berlin},
 year = {1991}
}

@misc{java-at-twitter,
	Author = {Twitter},
	Title = {Twitter Search is Now 3x Faster},
	Url = {http://engineering.twitter.com/2011/04/twitter-search-is-now-3x-faster_1656.html},
	Year = {2011}
}

@misc{facebook-hbase,
	Author = {High Scalability},
	Title = {Facebook's New Real-Time Messaging System: HBase To Store 135+ Billion Messages A Month},
	Url = {http://highscalability.com/blog/2010/11/16/facebooks-new-real-time-messaging-system-hbase-to-store-135.html},
	Year = {2010}
}

@misc{google-jvm,
	Author = {Google, Inc},
	Title = {App Engine Java Overview},
	Url = {https://developers.google.com/appengine/docs/java/overview},
	Year = {2012}
}

@misc{jvm-lang-summit,
	Author = {Janice J. Heiss},
	Title = {The JVM Language Summit},
	Url = {http://www.oracle.com/technetwork/articles/java/jvmsummit-1715195.html},
	Year = {2012}
}

@misc{hotspot-virtualcalls,
	Author = {John Rose},
	Title = {HotSpot Internals for OpenJDK - CallingSequences - VirtualCalls},
	Url = {https://wikis.oracle.com/display/HotSpotInternals/VirtualCalls},
	Year = {2011}
}

@misc{hotspot-compiledcall,
	Author = {OpenJDK Compiler Team},
	Title = {HotSpot Internals for OpenJDK - Compiler - Overview of CompiledIC and CompiledStaticCall},
	Url = {https://wikis.oracle.com/display/HotSpotInternals/Overview+of+CompiledIC+and+CompiledStaticCall},
	Year = {2012}
}

@misc{golang-spec,
	Author = {Google Go Development Team},
	Title = {The Go Programming Language Specification},
	Url = {http://golang.org/ref/spec},
	Year = {2012}
}

@misc{golang-decl-syntax,
	Author = {Andrew Gerrand},
	Title = {Go's Declaration Syntax},
	Url = {http://blog.golang.org/2010/07/gos-declaration-syntax.html},
	Year = {2010}
}

@misc{c-spiral-decl,
	Author = {David Anderson},
	Title = {The "Clockwise/Spiral Rule"},
	Url = {http://c-faq.com/decl/spiral.anderson.html},
	Year = {1994}
}

@misc{asm-library,
	Author = {Eric Bruneton, Remi Forax},
	Title = {ASM Bytecode Library},
	Url = {http://asm.ow2.org/},
	Year = {2000, 2012}
}

@misc{venners-invocation,
	Author = {Bill Venners},
	Title = {How the Java virtual machine handles method invocation and return},
	Url = {http://www.javaworld.com/jw-06-1997/jw-06-hood.html},
	Year = {1997}
}

@misc{jrose-methodhandles,
	Author = {John Rose},
	Title = {method handles in a nutshell},
	Url = {https://blogs.oracle.com/jrose/entry/method_handles_in_a_nutshell},
	Year = {2008}
}

@misc{direct-method-handles,
	Author = {John Rose},
	Title = {Direct method handles},
	Url = {https://wikis.oracle.com/display/HotSpotInternals/Direct+method+handles},
	Year = {2012}
}

